@article{PhysRevLett:89:251802,
  title = {Dalitz Analysis of ${D}^{0}\ensuremath{\rightarrow}{K}_{S}^{0}{\ensuremath{\pi}}^{+}{\ensuremath{\pi}}^{\ensuremath{-}}$},
  author = {Muramatsu, H. and Richichi, S. J. and Severini, H. and Skubic, P. and Dytman, S. A. and Mueller, J. A. and Nam, S. and Savinov, V. and Chen, S. and Hinson, J. W. and Lee, J. and Miller, D. H. and Pavlunin, V. and Shibata, E. I. and Shipsey, I. P. J. and Cronin-Hennessy, D. and Lyon, A. L. and Park, C. S. and Park, W. and Thorndike, E. H. and Coan, T. E. and Gao, Y. S. and Liu, F. and Maravin, Y. and Narsky, I. and Stroynowski, R. and Artuso, M. and Boulahouache, C. and Bukin, K. and Dambasuren, E. and Khroustalev, K. and Mountain, R. and Nandakumar, R. and Skwarnicki, T. and Stone, S. and Wang, J. C. and Mahmood, A. H. and Csorna, S. E. and Danko, I. and Bonvicini, G. and Cinabro, D. and Dubrovin, M. and McGee, S. and Bornheim, A. and Lipeles, E. and Pappas, S. P. and Shapiro, A. and Sun, W. M. and Weinstein, A. J. and Asner, D. M. and Mahapatra, R. and Nelson, H. N. and Briere, R. A. and Chen, G. P. and Ferguson, T. and Tatishvili, G. and Vogel, H. and Adam, N. E. and Alexander, J. P. and Berkelman, K. and Blanc, F. and Boisvert, V. and Cassel, D. G. and Drell, P. S. and Duboscq, J. E. and Ecklund, K. M. and Ehrlich, R. and Gibbons, L. and Gittelman, B. and Gray, S. W. and Hartill, D. L. and Heltsley, B. K. and Hsu, L. and Jones, C. D. and Kandaswamy, J. and Kreinick, D. L. and Magerkurth, A. and Mahlke-Kr\"uger, H. and Meyer, T. O. and Mistry, N. B. and Nordberg, E. and Patterson, J. R. and Peterson, D. and Pivarski, J. and Riley, D. and Sadoff, A. J. and Schwarthoff, H. and Shepherd, M. R. and Thayer, J. G. and Urner, D. and Valant-Spaight, B. and Viehhauser, G. and Warburton, A. and Weinberger, M. and Athar, S. B. and Avery, P. and Breva-Newell, L. and Potlia, V. and Stoeck, H. and Yelton, J. and Brandenburg, G. and Kim, D. Y.-J. and Wilson, R. and Benslama, K. and Eisenstein, B. I. and Ernst, J. and Gollin, G. D. and Hans, R. M. and Karliner, I. and Lowrey, N. and Marsh, M. A. and Plager, C. and Sedlack, C. and Selen, M. and Thaler, J. J. and Williams, J. and Edwards, K. W. and Ammar, R. and Besson, D. and Zhao, X. and Anderson, S. and Frolov, V. V. and Kubota, Y. and Lee, S. J. and Li, S. Z. and Poling, R. and Smith, A. and Stepaniak, C. J. and Urheim, J. and Metreveli, Z. and Seth, K. K. and Tomaradze, A. and Zweber, P. and Ahmed, S. and Alam, M. S. and Jian, L. and Saleem, M. and Wappler, F. and Eckhart, E. and Gan, K. K. and Gwon, C. and Hart, T. and Honscheid, K. and Hufnagel, D. and Kagan, H. and Kass, R. and Pedlar, T. K. and Thayer, J. B. and von Toerne, E. and Wilksen, T. and Zoeller, M. M.},
  collaboration = {CLEO Collaboration},
  journal = {Phys. Rev. Lett.},
  volume = {89},
  issue = {25},
  pages = {251802},
  numpages = {5},
  year = {2002},
  month = {Dec},
  publisher = {American Physical Society},
  doi = {10.1103/PhysRevLett.89.251802},
  url = {https://link.aps.org/doi/10.1103/PhysRevLett.89.251802}
}

BesIII model
@article{Ablikim:2020ikr,
    author = "Ablikim, Medina and others",
    collaboration = "BESIII",
    title = "{Analysis of the decay $D^0\rightarrow K_{S}^{0} K^{+} K^{-}$}",
    eprint = "2006.02800",
    archivePrefix = "arXiv",
    primaryClass = "hep-ex",
    month = "6",
    year = "2020"
}

BaBar 2008
@article{Aubert:2008bd,
    author = "Aubert, Bernard and others",
    collaboration = "BaBar",
    title = "{Improved measurement of the CKM angle $\gamma$ in $B^\mp \to D^{(*)} K^{(*\mp)}$ decays with a Dalitz plot analysis of $D$ decays to $K^0_{S} \pi^{+} \pi^{-}$ and $K^0_{S} K^{+} K^{-}$}",
    eprint = "0804.2089",
    archivePrefix = "arXiv",
    primaryClass = "hep-ex",
    reportNumber = "SLAC-PUB-13209, BABAR-PUB-08-006",
    doi = "10.1103/PhysRevD.78.034023",
    journal = "Phys. Rev. D",
    volume = "78",
    pages = "034023",
    year = "2008"
}

BaBar 2010
@article{delAmoSanchez:2010xz,
    author = "del Amo Sanchez, P. and others",
    collaboration = "BaBar",
    title = "{Measurement of D0-antiD0 mixing parameters using D0 ---\ensuremath{>} K(S)0 pi+ pi- and D0 ---\ensuremath{>} K(S)0 K+ K- decays}",
    eprint = "1004.5053",
    archivePrefix = "arXiv",
    primaryClass = "hep-ex",
    reportNumber = "BABAR-PUB-10-004, SLAC-PUB-14087",
    doi = "10.1103/PhysRevLett.105.081803",
    journal = "Phys. Rev. Lett.",
    volume = "105",
    pages = "081803",
    year = "2010"
}
